@book{lamport1994latex,
  title={{LATEX}: a document preparation system: user's guide and reference manual},
  author={Lamport, Leslie},
  year={1994},
  publisher={Addison-wesley}
}

@article{HarveyHoeven2020,
  title = {Integer multiplication in time $O(n \log n)$},
  author = {Harvey, David and van der Hoeven, Joris},
  year = {2020},
  journal = {HAL open science},
  note = {\url{https://hal.science/hal-02151852v3/document}}
}

@misc{uor_refernce_style,
    author = {{University of Reading}},
    title = {Different styles \& systems of referencing: Guidance on citing references for students at the University of Reading},
    year = {2023},
    url = {https://libguides.reading.ac.uk/citing-references/referencingstyles},
    note = {(accessed June 6, 2023)}
}

@misc{uor_plagiarism,
    author = {{University of Reading}},
    title = {Avoiding unintentional plagiarism: Guidance on citing references for students at the University of Reading},
    year = {2023},
    url = {https://libguides.reading.ac.uk/citing-references/avoidingplagiarism},
    note = {(accessed June 6, 2023)}
}

